<?xml version="1.0" encoding="UTF-8"?><collection xmlns="http://www.loc.gov/MARC21/slim"><record><leader>00326nam--2200121-i-4500</leader><controlfield tag="001">000002410</controlfield><controlfield tag="002">20161230</controlfield><controlfield tag="005">20161230201025</controlfield><controlfield tag="008">060222s1000------------r-----000-0-eng-d</controlfield><datafield ind1=" " ind2=" " tag="100"><subfield code="a">Fermi, Enrico</subfield></datafield><datafield ind1=" " ind2=" " tag="245"><subfield code="a">Atomic power plant</subfield></datafield><datafield ind1=" " ind2=" " tag="260"><subfield code="a">Detroit, Michigan, Atomic Power Dewelopment Associates, Inc., 1959. 236 P</subfield></datafield><datafield ind1=" " ind2=" " tag="852"><subfield code="a">15054</subfield></datafield></record></collection>